<record><leader>00000cas a2200000 a 4500</leader><controlfield tag="001">12115899</controlfield><controlfield tag="008">850604d18671885miudn ne      0    0eng c</controlfield><datafield ind1=" " ind2=" " tag="010"><subfield code="a">sn 85033631 </subfield></datafield><datafield ind1=" " ind2=" " tag="040"><subfield code="a">NPU</subfield><subfield code="b">eng</subfield><subfield code="c">NPU</subfield><subfield code="d">NPX</subfield><subfield code="d">MHN</subfield><subfield code="d">OCL</subfield><subfield code="d">OCLCQ</subfield><subfield code="d">OCLCF</subfield><subfield code="d">OCLCO</subfield></datafield><datafield ind1="1" ind2=" " tag="029"><subfield code="a">AU@</subfield><subfield code="b">000020379227</subfield></datafield><datafield ind1=" " ind2=" " tag="042"><subfield code="a">pcc</subfield></datafield><datafield ind1=" " ind2=" " tag="043"><subfield code="a">n-us-mi</subfield></datafield><datafield ind1="0" ind2=" " tag="130"><subfield code="a">Daily morning Democrat (Grand Rapids, Mich.)</subfield></datafield><datafield ind1="1" ind2="0" tag="245"><subfield code="a">Daily morning Democrat.</subfield></datafield><datafield ind1="1" ind2="7" tag="246"><subfield code="a">Daily Democrat</subfield></datafield><datafield ind1="1" ind2="7" tag="246"><subfield code="a">Grand Rapids daily democrat</subfield></datafield><datafield ind1=" " ind2=" " tag="260"><subfield code="a">Grand Rapids, Mich. :</subfield><subfield code="b">Merrils H. Clark.</subfield></datafield><datafield ind1=" " ind2=" " tag="300"><subfield code="a">v. ;</subfield><subfield code="c">71 cm.</subfield></datafield><datafield ind1=" " ind2=" " tag="310"><subfield code="a">Daily (except Mon.)</subfield></datafield><datafield ind1="0" ind2=" " tag="362"><subfield code="a">Vol. 4, no. 163 (Mar. 19, 1867)-v. 22, no. 138 (Mar. 3, 1885).</subfield></datafield><datafield ind1=" " ind2=" " tag="500"><subfield code="a">Publishers: Clark &amp; Wilson, &lt;1873&gt;; M.H. Clark, &lt;1876&gt;.</subfield></datafield><datafield ind1=" " ind2=" " tag="500"><subfield code="a">"Democratic," &lt;1876&gt;.</subfield></datafield><datafield ind1=" " ind2=" " tag="580"><subfield code="a">Weekly ed.: Grand Rapids weekly Democrat.</subfield></datafield><datafield ind1=" " ind2="0" tag="651"><subfield code="a">Grand Rapids (Mich.)</subfield><subfield code="v">Newspapers.</subfield></datafield><datafield ind1=" " ind2="0" tag="651"><subfield code="a">Kent County (Mich.)</subfield><subfield code="v">Newspapers.</subfield></datafield><datafield ind1=" " ind2="7" tag="655"><subfield code="a">Newspapers.</subfield><subfield code="2">fast</subfield><subfield code="0">(OCoLC)fst01423814</subfield></datafield><datafield ind1=" " ind2="7" tag="651"><subfield code="a">Michigan</subfield><subfield code="z">Grand Rapids.</subfield><subfield code="2">fast</subfield><subfield code="0">(OCoLC)fst01206920</subfield></datafield><datafield ind1=" " ind2="7" tag="651"><subfield code="a">Michigan</subfield><subfield code="z">Kent County.</subfield><subfield code="2">fast</subfield><subfield code="0">(OCoLC)fst01202912</subfield></datafield><datafield ind1=" " ind2=" " tag="752"><subfield code="a">United States</subfield><subfield code="b">Michigan</subfield><subfield code="c">Kent</subfield><subfield code="d">Grand Rapids.</subfield></datafield><datafield ind1="1" ind2=" " tag="775"><subfield code="t">Grand Rapids weekly Democrat</subfield><subfield code="w">(DLC)sn 85033624</subfield><subfield code="w">(OCoLC)12115844</subfield></datafield><datafield ind1="0" ind2="0" tag="780"><subfield code="t">Grand Rapids daily Democrat</subfield><subfield code="w">(DLC)sn 96076979</subfield><subfield code="w">(OCoLC)35245335</subfield></datafield><datafield ind1="0" ind2="0" tag="785"><subfield code="t">Daily Democrat (Grand Rapids, Mich.)</subfield><subfield code="w">(DLC)sn 96076980</subfield><subfield code="w">(OCoLC)35245477</subfield></datafield></record>